@article{cmshiggsmumu2017,
      author        = "{\relax CMS Collaboration}",
      title         = "{Search for the standard model Higgs boson decaying to two muons in pp collisions at $\sqrt{s}$ = 13 TeV}",
      month         = "Sep",
      year          = "2017",
      reportNumber  = "HIG-17-019",
      url           = "http://cds.cern.ch/record/2292159",
}

@BOOK{cart84,
  author        = {L. Breiman and J. Friedman and R. Olshen and C. Stone},
  title         = {Classification and Regression Trees},
  publisher     = {Wadsworth and Brooks},
  address       = {Monterey, CA},
  year          = {1984},
}

@article{cmshiggsmumu2012,
  author = "{\relax CMS Collaboration}",
  title = "Search for a standard model-like Higgs boson in the $\mu\mu$ and ee decay channels at the LHC",
  journal = "Physics Letters B",
  volume = "744",
  number = "Supplement C",
  pages = "184 - 207",
  year = "2015",
  issn = "0370-2693",
  doi = "https://doi.org/10.1016/j.physletb.2015.03.048",
  url = "http://www.sciencedirect.com/science/article/pii/S0370269315002117",
}

@article{cowan,
      author         = "Cowan, Glen and Cranmer, Kyle and Gross, Eilam and
                        Vitells, Ofer",
      title          = "{Asymptotic formulae for likelihood-based tests of new
                        physics}",
      journal        = "Eur. Phys. J.",
      volume         = "C71",
      year           = "2011",
      pages          = "1554",
      doi            = "10.1140/epjc/s10052-011-1554-0,
                        10.1140/epjc/s10052-013-2501-z",
      note           = "[Erratum: Eur. Phys. J.C73,2501(2013)]",
      eprint         = "1007.1727",
      archivePrefix  = "arXiv",
      primaryClass   = "physics.data-an",
      SLACcitation   = "%%CITATION = ARXIV:1007.1727;%%"
}

@article{cms,
      author         = "Chatrchyan, S. and others",
      title          = "{The CMS Experiment at the CERN LHC}",
      collaboration  = "CMS",
      journal        = "JINST",
      volume         = "3",
      year           = "2008",
      pages          = "S08004",
      doi            = "10.1088/1748-0221/3/08/S08004",
      SLACcitation   = "%%CITATION = JINST,3,S08004;%%"
}

@article{atlashmumu2017,
  title = {Search for the Dimuon Decay of the Higgs Boson in $pp$ Collisions at $\sqrt{s}=13\text{ }\text{ }\mathrm{TeV}$ with the ATLAS Detector},
  author= {\relax ATLAS Collaboration},
  journal = {Phys. Rev. Lett.},
  volume = {119},
  issue = {5},
  pages = {051802},
  numpages = {20},
  year = {2017},
  month = {Aug},
  publisher = {American Physical Society},
  doi = {10.1103/PhysRevLett.119.051802},
  url = {https://link.aps.org/doi/10.1103/PhysRevLett.119.051802}
}

